<?xml version="1.0" encoding="UTF-8"?>
  <record xmlns="http://www.loc.gov/MARC21/slim" type="Authority">
    <leader>00000nz  a2200000oc 4500</leader>
    <controlfield tag="001">1242066233</controlfield>
    <controlfield tag="003">DE-101</controlfield>
    <controlfield tag="005">20210928154919.0</controlfield>
    <controlfield tag="008">210928n||aznnnaabn          o| ana    |c</controlfield>
    <datafield tag="024" ind1="7" ind2=" ">
      <subfield code="a">1242066233</subfield>
      <subfield code="0">http://d-nb.info/gnd/1242066233</subfield>
      <subfield code="2">gnd</subfield>
    </datafield>
    <datafield tag="035" ind1=" " ind2=" ">
      <subfield code="a">(DE-101)1242066233</subfield>
    </datafield>
    <datafield tag="035" ind1=" " ind2=" ">
      <subfield code="a">(DE-588)1242066233</subfield>
    </datafield>
    <datafield tag="040" ind1=" " ind2=" ">
      <subfield code="a">DE-17</subfield>
      <subfield code="c">DE-17</subfield>
      <subfield code="9">r:DE-1</subfield>
      <subfield code="b">ger</subfield>
      <subfield code="d">0017</subfield>
      <subfield code="e">rda</subfield>
    </datafield>
    <datafield tag="042" ind1=" " ind2=" ">
      <subfield code="a">gnd3</subfield>
    </datafield>
    <datafield tag="043" ind1=" " ind2=" ">
      <subfield code="c">XA-DE</subfield>
    </datafield>
    <datafield tag="075" ind1=" " ind2=" ">
      <subfield code="b">b</subfield>
      <subfield code="2">gndgen</subfield>
    </datafield>
    <datafield tag="075" ind1=" " ind2=" ">
      <subfield code="b">kio</subfield>
      <subfield code="2">gndspec</subfield>
    </datafield>
    <datafield tag="079" ind1=" " ind2=" ">
      <subfield code="a">g</subfield>
      <subfield code="q">f</subfield>
    </datafield>
    <datafield tag="110" ind1="1" ind2=" ">
      <subfield code="a">Hessen-Darmstadt</subfield>
      <subfield code="b">Regentin</subfield>
      <subfield code="g">1678-1688 : Elisabeth Dorothea</subfield>
    </datafield>
    <datafield tag="410" ind1="2" ind2=" ">
      <subfield code="a">Regentin</subfield>
      <subfield code="g">Hessen-Darmstadt, 1688-1739 : Elisabeth Dorothea</subfield>
    </datafield>
    <datafield tag="410" ind1="2" ind2=" ">
      <subfield code="a">Landgräfin</subfield>
      <subfield code="g">Hessen-Darmstadt, 1688-1739 : Elisabeth Dorothea</subfield>
    </datafield>
    <datafield tag="500" ind1="0" ind2=" ">
      <subfield code="0">(DE-101)101508298</subfield>
      <subfield code="0">(DE-588)101508298</subfield>
      <subfield code="0">https://d-nb.info/gnd/101508298</subfield>
      <subfield code="a">Elisabeth Dorothea</subfield>
      <subfield code="c">Hessen-Darmstadt, Landgräfin</subfield>
      <subfield code="d">1640-1709</subfield>
      <subfield code="4">vbal</subfield>
      <subfield code="4">https://d-nb.info/standards/elementset/gnd#relatedTerm</subfield>
      <subfield code="w">r</subfield>
      <subfield code="i">Verwandter Begriff</subfield>
      <subfield code="e">Verwandter Begriff</subfield>
    </datafield>
    <datafield tag="551" ind1=" " ind2=" ">
      <subfield code="0">(DE-101)040724719</subfield>
      <subfield code="0">(DE-588)4072471-2</subfield>
      <subfield code="0">https://d-nb.info/gnd/4072471-2</subfield>
      <subfield code="a">Hessen-Darmstadt</subfield>
      <subfield code="4">adue</subfield>
      <subfield code="4">https://d-nb.info/standards/elementset/gnd#hierarchicalSuperiorOfTheCorporateBody</subfield>
      <subfield code="w">r</subfield>
      <subfield code="i">Ueberordnung</subfield>
    </datafield>
    <datafield tag="678" ind1=" " ind2=" ">
      <subfield code="b">Durch Heirat Landgräfin und von 1678 bis 1688 Regentin der Landgrafschaft Hessen-Darmstadt für ihren noch minderjährigen Sohn Ernst Ludwig.</subfield>
    </datafield>
    <datafield tag="680" ind1=" " ind2=" ">
      <subfield code="a">Die Sacherschließung verwendet für Sekundärliteratur über eine Person ausschließlich den Per-sonennormdatensatz.</subfield>
    </datafield>
  </record>
